@inproceedings{crary1999talx86,
  title={TALx86: A realistic typed assembly language},
  author={Crary, K and Glew, Neal and Grossman, Dan and Samuels, Richard and Smith, F and Walker, D and Weirich, S and Zdancewic, S},
  booktitle={1999 ACM SIGPLAN Workshop on Compiler Support for System Software Atlanta, GA, USA},
  pages={25--35},
  year={1999},
  organization={Citeseer}
}
@article{salwan2014introduction,
  title={An introduction to the return oriented programming and ROP-chain generation},
  author={Salwan, Jonathan},
  journal={Course lecture at Bordeau University for the CSI Master},
  year={2014}
}
@qemudoc{qemuoption,
  title = {Manpages of qemu-system-x86 in Debian testing},
  author = {Debian},
  year = {2021},
  note={\footnotesize \url{https://manpages.debian.org/testing/qemu-system-x86/qemu-system-x86_64.1.en.html}}
}
@systcallcow{madvise,
  title = {MADVISE},
  author ={ Michael Kerrisk},
  year={2021},
  note={\footnotesize \url{https://man7.org/linux/man-pages/man2/madvise.2.html}}
}
@linecodelinux{codelinux,
  title={Linux Report},
  author={Matteo Gatti},
  year={2020},
  note={\footnotesize \url{https://www.lffl.org/2020/01/linux-report-2019-cresce-il-codebase-calano-sviluppatori.html}}
}
@article{shitwo,
  title={Two Decades of DDoS Attacks and Defenses},
  author={SHI, LUMIN}
}
@inproceedings{alam2017study,
  title={Study of the dirty copy on write, a linux kernel memory allocation vulnerability},
  author={Alam, Delwar and Zaman, Moniruz and Farah, Tanjila and Rahman, Rummana and Hosain, M Shazzad},
  booktitle={2017 International Conference on Consumer Electronics and Devices (ICCED)},
  pages={40--45},
  year={2017},
  organization={IEEE}
}
@cvelist{cvedatail,
  title={NATIONAL VULNERABILITY DATABASE},
  author={NIST},
  note={\footnotesize \url{https://nvd.nist.gov/}},
}
@inproceedings{lau2000distributed,
  title={Distributed denial of service attacks},
  author={Lau, Felix and Rubin, Stuart H and Smith, Michael H and Trajkovic, Ljiljana},
  booktitle={Smc 2000 conference proceedings. 2000 ieee international conference on systems, man and cybernetics.'cybernetics evolving to systems, humans, organizations, and their complex interactions'(cat. no. 0},
  volume={3},
  pages={2275--2280},
  year={2000},
  organization={IEEE}
}
@article{conti2016survey,
  title={A survey of man in the middle attacks},
  author={Conti, Mauro and Dragoni, Nicola and Lesyk, Viktor},
  journal={IEEE Communications Surveys \& Tutorials},
  volume={18},
  number={3},
  pages={2027--2051},
  year={2016},
  publisher={IEEE},
  note={\footnotesize \url{https://www.zeusnews.it/n.php?c=24157}}
}
@article{bour2018bluetooth,
  title={From Bluetooth vulnerabilities to a remote code execution on an Android phone using BlueBorne},
  author={Bour, Guillaume},
  year={2018}
}
@misc{m0leconTeaser2020_babyk,
  title={babyk - m0lecon 2020 Teaser - pwn},
  author={NicolaVV},
  year={2020},
  note={\footnotesize \url{https://fibonhack.github.io/2020/m0leconTeaser2020/babyk}}
}
@inproceedings{ratanaworabhan2009nozzle,
  title={NOZZLE: A Defense Against Heap-spraying Code Injection Attacks.},
  author={Ratanaworabhan, Paruj and Livshits, V Benjamin and Zorn, Benjamin G},
  booktitle={USENIX security symposium},
  pages={169--186},
  year={2009}
}
@misc{clone,
  title={clone(2) — Linux manual page},
  note="{\footnotesize \url{https://man7.org/linux/man-pages/man2/clone.2.html}}"
  }
@misc{fork,
  title={fork(2) - Linux man page},
note="{\footnotesize \url{https://man7.org/linux/man-pages/man2/fork.2.html}}"
  }
@article{torvalds2002linux,
  title={Linux},
  author={Torvalds, Linus and others},
  journal={URL: http://www. linux. org},
  volume={2},
  pages={263--297},
  year={2002}
}
@misc{waitid,
  title={waitid(2) - Linux man page},
  note="{\footnotesize \url{https://linux.die.net/man/2/waitid}}"
}
@inproceedings{farah2017study,
  title={Study of race condition: A privilege escalation vulnerability},
  author={Farah, Tanjila and Shelim, Rashed and Zaman, Moniruz and Hassan, Md Maruf and Alam, Delwar},
  booktitle={WMSCI 2017-21st World Multi-Conference Syst. Cybern. Informatics, Proc},
  volume={2},
  pages={100--105},
  year={2017}
}
@misc{kernel_analysis,
  title={Linux Device Drivers, 3rd Edition},
  year={2005},
  Author={Jonathan Corbet, Alessandro Rubini, Greg Kroah-Hartman},
  note="{\footnotesize \url{https://www.oreilly.com/library/view/linux-device-drivers/0596005903/ch04.html}}"
  
}
@link{inteli386,
  title={Intel 80386 programmer's reference manual 1986},
  Author={Intel Corporation},
  year={1986},
  note     = "{\footnotesize \url{http://css.csail.mit.edu/6.858/2013/readings/i386.pdf}}"
 }
@article{marco2016exploiting,
  title={Exploiting Linux and PaX ASLR’s weaknesses on 32-and 64-bit systems},
  author={Marco-Gisbert, Hector and Ripoll-Ripoll, Ismael},
  journal={BlackHat Asia},
  year={2016}
}
{"mode":"full","isActive":false}
@inproceedings{nalamalpu2015broadwell,
  title={Broadwell: A family of IA 14nm processors},
  author={Nalamalpu, Ankireddy and Kurd, Nasser and Deval, Anant and Mozak, Chris and Douglas, Jonathan and Khanna, Ashish and Paillet, Fabrice and Schrom, Gerhard and Phelps, Boyd},
  booktitle={2015 Symposium on VLSI Circuits (VLSI Circuits)},
  pages={C314--C315},
  year={2015},
  organization={IEEE}
}
{"mode":"full","isActive":false}
@misc{rop_gadget,
    author  = "Jonathan Salwan/",
    title   = "ROPgadget",
    year    = "2016",
    note     = "{\footnotesize \url{https://github.com/JonathanSalwan/ROPgadget}}"
}
@misc{hxp-CTF-2020-kernel-rop,
    author  = "hxp - CTF Team",
    title   = "hxp CTF 2020: kernel-rop",
    year    = "2020",
    note     = "{\footnotesize \url{https://hxp.io/blog/81/hxp-CTF-2020-kernel-rop/}}"
}}
@inproceedings{bellard2005qemu,
  title={QEMU, a fast and portable dynamic translator.},
  author={Bellard, Fabrice},
  booktitle={USENIX annual technical conference, FREENIX Track},
  volume={41},
  pages={46},
  year={2005},
  organization={Califor-nia, USA}
}
@article{stallman1988debugging,
  title={Debugging with GDB},
  author={Stallman, Richard and Pesch, Roland and Shebs, Stan and others},
  journal={Free Software Foundation},
  volume={675},
  year={1988}
}
@article{silberman1993architectural,
  title={An architectural framework for supporting heterogeneous instruction-set architectures},
  author={Silberman, Gabriel M. and Ebcioglu, Kemal},
  journal={Computer},
  volume={26},
  number={6},
  pages={39--56},
  year={1993},
  publisher={IEEE}
}
@inproceedings{yoshimura2012linux,
  title={Is linux kernel oops useful or not?},
  author={Yoshimura, Takeshi and Yamada, Hiroshi and Kono, Kenji},
  booktitle={Eighth Workshop on Hot Topics in System Dependability (HotDep 12)},
  year={2012}
}
@article{roemer2012return,
  title={Return-oriented programming: Systems, languages, and applications},
  author={Roemer, Ryan and Buchanan, Erik and Shacham, Hovav and Savage, Stefan},
  journal={ACM Transactions on Information and System Security (TISSEC)},
  volume={15},
  number={1},
  pages={1--34},
  year={2012},
  publisher={ACM New York, NY, USA}
}
@article{holmiadvantages,
  title={Advantages and challenges of using capture-the-flag games in cyber security education},
  author={Holmi, Juho}
}
@article{cheng2021kernel,
  title={Kernel panic},
  author={Cheng, Melanie},
  journal={Meanjin},
  volume={80},
  number={1},
  pages={138--142},
  year={2021}
}

Documentazione cr4


@article{weatherspoonassemblers,
  title={Assemblers, Linkers, and Loaders},
  author={Weatherspoon, Hakim},
  publisher={Citeseer}
}
@article{lipp2018meltdown,
  title={Meltdown},
  author={Lipp, Moritz and Schwarz, Michael and Gruss, Daniel and Prescher, Thomas and Haas, Werner and Mangard, Stefan and Kocher, Paul and Genkin, Daniel and Yarom, Yuval and Hamburg, Mike},
  journal={arXiv preprint arXiv:1801.01207},
  year={2018}
}